%% LaTeX2e file `mybib.bib'
%% generated by the `filecontents' environment
%% from source `workshop_01' on 2024/07/14.
%%
@book{dirac,
  title={The Principles of Quantum Mechanics},
  author={Paul Adrien Maurice Dirac},
  isbn={9780198520115},
  series={International Series of Monographs on Physics},
  year={1981},
  publisher={Clarendon Press},
  keywords = {physics}
}
